=LDR  01806aam a2200469 i 4500
=001  016464834
=003  Uk
=005  20131024094454.0
=008  130702s2013\\\\fr\ab\\\\b\\\\000\0\eng\d
=020  \\$a9789264083547 (print : paperback)
=020  \\$a9264083545 (print : paperback)
=020  \\$z9789264090705 (PDF)
=020  \\$z9264090703 (PDF)
=035  \\$a(OCoLC)851418643
=040  \\$aHNK$cHNK$dCUS$dUk$erda
=042  \\$aukblsr
=050  \4$aHD9560.5$b.R47 2013eb
=245  00$aResources to reserves 2013 :$boil, gas and coal technologies for the energy markets of the future.
=264  \1$aParis :$bOECD/IEA,$c[2013]
=300  \\$a268 pages :$billustrations (colour), maps (colour) ;$c27 cm
=336  \\$atext$2rdacontent
=337  \\$aunmediated$2rdamedia
=338  \\$avolume$2rdacarrier
=500  \\$aPublisher's no.: 61 2012 08 1 P1.
=504  \\$aIncludes bibliographical references.
=530  \\$aAlso available electronically.
=650  \0$aPetroleum industry and trade$xTechnological innovations.
=650  \0$aGas industry$xTechnological innovations.
=650  \0$aEnergy development$xTechnological innovations.
=650  \0$aEnergy industries$xEnvironmental aspects.
=650  \0$aEnergy development$xFinance.
=710  2\$aInternational Energy Agency,$epublisher.
=710  2\$aOrganisation for Economic Co-operation and Development,$epublisher.
=852  41$aBritish Library$bHMNTS$jYD.2013.b.1167
=856  40$3OECDiLibrary$uhttp://dx.doi.org/10.1787/9789264090705-en$yResearch Datasets Collection
=CAT  \\$a10904$b40$c20130802$lBLL01$h0844
=CAT  \\$a5751$b40$c20131024$lBLL01$h0944
=CAT  \\$aBATCH-UPD$b40$c20160817$lBLL01$h2114
=FIN  \\$aY$d20131024
=FMT  \\$a  BK
=LAS  \\$aBATCH-UPD$b40$c20160817$lBLL01$h2114
=SID  \\$aZ39$bOCLC

